@Article{Squartini2018,
  author    = {Squartini, Tiziano and Caldarelli, Guido and Cimini, Giulio and Gabrielli, Andrea and Garlaschelli, Diego},
  journal   = {Physics Reports},
  title     = {Reconstruction methods for networks: The case of economic and financial systems},
  year      = {2018},
  issn      = {0370-1573},
  month     = oct,
  pages     = {1--47},
  volume    = {757},
  doi       = {10.1016/j.physrep.2018.06.008},
  publisher = {Elsevier BV},
}

@Article{Barabasi1999,
  author    = {Barabási, Albert-László and Albert, Réka},
  journal   = {Science},
  title     = {Emergence of Scaling in Random Networks},
  year      = {1999},
  issn      = {1095-9203},
  month     = oct,
  number    = {5439},
  pages     = {509--512},
  volume    = {286},
  doi       = {10.1126/science.286.5439.509},
  publisher = {American Association for the Advancement of Science (AAAS)},
}

@Article{Yook2001,
  author    = {Yook, S. H. and Jeong, H. and Barabási, A.-L. and Tu, Y.},
  journal   = {Physical Review Letters},
  title     = {Weighted Evolving Networks},
  year      = {2001},
  issn      = {1079-7114},
  month     = jun,
  number    = {25},
  pages     = {5835--5838},
  volume    = {86},
  doi       = {10.1103/physrevlett.86.5835},
  publisher = {American Physical Society (APS)},
}

@Article{Garuccio2023,
  author    = {Garuccio, Elena and Lalli, Margherita and Garlaschelli, Diego},
  journal   = {Physical Review Research},
  title     = {Multiscale network renormalization: Scale-invariance without geometry},
  year      = {2023},
  issn      = {2643-1564},
  month     = oct,
  number    = {4},
  pages     = {043101},
  volume    = {5},
  doi       = {10.1103/physrevresearch.5.043101},
  publisher = {American Physical Society (APS)},
}

@Misc{Lalli2024,
  author    = {Lalli, Margherita and Garlaschelli, Diego},
  title     = {Geometry-free renormalization of directed networks: scale-invariance and reciprocity},
  year      = {2024},
  copyright = {arXiv.org perpetual, non-exclusive license},
  doi       = {10.48550/ARXIV.2403.00235},
  keywords  = {Physics and Society (physics.soc-ph), Disordered Systems and Neural Networks (cond-mat.dis-nn), Statistical Mechanics (cond-mat.stat-mech), FOS: Physical sciences, FOS: Physical sciences},
  publisher = {arXiv},
}

@Book{Hofstad2016,
  author    = {Hofstad, Remco van der},
  publisher = {Cambridge University Press},
  title     = {Random Graphs and Complex Networks},
  year      = {2016},
  isbn      = {9781316625064},
  month     = nov,
  doi       = {10.1017/9781316779422},
}

@Article{Coolen2009,
  author    = {Coolen, A. C. C. and De Martino, A. and Annibale, A.},
  journal   = {Journal of Statistical Physics},
  title     = {Constrained Markovian Dynamics of Random Graphs},
  year      = {2009},
  issn      = {1572-9613},
  month     = sep,
  number    = {6},
  pages     = {1035--1067},
  volume    = {136},
  doi       = {10.1007/s10955-009-9821-2},
  publisher = {Springer Science and Business Media LLC},
}

@Article{Cimini2019,
  author    = {Cimini, Giulio and Squartini, Tiziano and Saracco, Fabio and Garlaschelli, Diego and Gabrielli, Andrea and Caldarelli, Guido},
  journal   = {Nature Reviews Physics},
  title     = {The statistical physics of real-world networks},
  year      = {2019},
  issn      = {2522-5820},
  month     = jan,
  number    = {1},
  pages     = {58--71},
  volume    = {1},
  doi       = {10.1038/s42254-018-0002-6},
  publisher = {Springer Science and Business Media LLC},
}

@Article{Park2004,
  author    = {Park, Juyong and Newman, M. E. J.},
  journal   = {Physical Review E},
  title     = {Statistical mechanics of networks},
  year      = {2004},
  issn      = {1550-2376},
  month     = dec,
  number    = {6},
  pages     = {066117},
  volume    = {70},
  doi       = {10.1103/physreve.70.066117},
  publisher = {American Physical Society (APS)},
}

@Article{Holland1981,
  author    = {Holland, Paul W. and Leinhardt, Samuel},
  journal   = {Journal of the American Statistical Association},
  title     = {An Exponential Family of Probability Distributions for Directed Graphs},
  year      = {1981},
  issn      = {1537-274X},
  month     = mar,
  number    = {373},
  pages     = {33--50},
  volume    = {76},
  doi       = {10.1080/01621459.1981.10477598},
  publisher = {Informa UK Limited},
}

@Article{Cimini2015,
  author    = {Cimini, Giulio and Squartini, Tiziano and Garlaschelli, Diego and Gabrielli, Andrea},
  journal   = {Scientific Reports},
  title     = {Systemic Risk Analysis on Reconstructed Economic and Financial Networks},
  year      = {2015},
  issn      = {2045-2322},
  month     = oct,
  number    = {1},
  volume    = {5},
  doi       = {10.1038/srep15758},
  publisher = {Springer Science and Business Media LLC},
}

@Article{Anand2018,
  author    = {Anand, Kartik and van Lelyveld, Iman and Banai, Ádám and Friedrich, Soeren and Garratt, Rodney and Hałaj, Grzegorz and Fique, Jose and Hansen, Ib and Jaramillo, Serafín Martínez and Lee, Hwayun and Molina-Borboa, José Luis and Nobili, Stefano and Rajan, Sriram and Salakhova, Dilyara and Silva, Thiago Christiano and Silvestri, Laura and de Souza, Sergio Rubens Stancato},
  journal   = {Journal of Financial Stability},
  title     = {The missing links: A global study on uncovering financial network structures from partial data},
  year      = {2018},
  issn      = {1572-3089},
  month     = apr,
  pages     = {107--119},
  volume    = {35},
  doi       = {10.1016/j.jfs.2017.05.012},
  publisher = {Elsevier BV},
}

@InBook{Gabrielli2024,
  author    = {Gabrielli, Andrea and Macchiati, Valentina and Garlaschelli, Diego},
  pages     = {223--249},
  publisher = {Springer Nature Switzerland},
  title     = {Critical Density for Network Reconstruction},
  year      = {2024},
  isbn      = {9783031552489},
  booktitle = {From Computational Logic to Computational Biology},
  doi       = {10.1007/978-3-031-55248-9_11},
  issn      = {1611-3349},
}

@Article{Bardoscia2015,
  author    = {Bardoscia, Marco and Battiston, Stefano and Caccioli, Fabio and Caldarelli, Guido},
  title     = {DebtRank: A microscopic foundation for shock propagation},
  year      = {2015},
  copyright = {arXiv.org perpetual, non-exclusive license},
  doi       = {10.48550/ARXIV.1504.01857},
  keywords  = {Risk Management (q-fin.RM), FOS: Economics and business, FOS: Economics and business},
  publisher = {arXiv},
}

@Article{Verteletskyi,
  author  = {Verteletskyi, Vladyslav},
  journal = {Leiden University Student repository},
  title   = {Renormalization of networks with weighted links},
  year    = {2022},
}

@Comment{jabref-meta: databaseType:bibtex;}
